<?xml version="1.0" encoding="utf-8"?>
<record xmlns="http://www.loc.gov/MARC21/slim" xmlns:xsi="http://www.w3.org/2001/XMLSchema-instance" xsi:schemaLocation="http://www.loc.gov/MARC21/slim http://www.loc.gov/standards/marcxml/schema/MARC21slim.xsd">
	<leader>     nam a22     Mi 4500</leader>
	<controlfield tag="001">b12462445</controlfield>
	<controlfield tag="003">LeBAU</controlfield>
	<controlfield tag="006">m        d        </controlfield>
	<controlfield tag="007">cr cn |||m|||a</controlfield>
	<controlfield tag="008">210422s1946    ua ah   ob    001 0 ara d</controlfield>
	<datafield ind1=" " ind2=" " tag="040">
		<subfield code="a">ZYU</subfield>
		<subfield code="b">ara</subfield>
		<subfield code="e">rda</subfield>
		<subfield code="c">ZYU</subfield>
	</datafield>
	<datafield ind1="0" ind2="4" tag="082">
		<subfield code="a">353.7</subfield>
		<subfield code="2">22</subfield>
	</datafield>
	<datafield ind1="1" ind2=" " tag="100">
		<subfield code="6">880-01</subfield>
		<subfield code="a">Shayzarī, ʻAbd al-Raḥmān ibn Naṣr,</subfield>
		<subfield code="d">active 12th century.</subfield>
		<subfield code="e">author.</subfield>
		<subfield code="0">https://lccn.loc.gov/n88095635 ,</subfield>
	</datafield>
	<datafield ind1="1" ind2="0" tag="245">
		<subfield code="6">880-02</subfield>
		<subfield code="a">Kitāb Nihāyat al-rutbah fī ṭalab al-ḥisbah /</subfield>
		<subfield code="c">taʼlīf  ʻAbd al-Raḥmān ibn Naṣr al-Shayzarī ; qāma bi-nashrih al-Sayyid al-Bāz al-ʻArīnī, mudarris bi-Madrasat al-Khīdiwi Ismāʻīl al-Thānawīyah ; bi-ishrāf Muḥammad Muṣṭafá Ziyādah, ustādh tārīkh al-ʻuṣūr al-wusṭá bi-Jāmiʻat Fuʼād al-Awwal.</subfield>
	</datafield>
	<datafield ind1="3" ind2="0" tag="246">
		<subfield code="6">880-03</subfield>
		<subfield code="a">Nihāyat al-rutbah fī ṭalab al-ḥisbah</subfield>
	</datafield>
	<datafield ind1=" " ind2="1" tag="264">
		<subfield code="6">880-04</subfield>
		<subfield code="a">al-Qāhirah :</subfield>
		<subfield code="b">Maṭbaʻat Lajnat al-Taʼlīf wa al-Tarjamah wa al-Nashr,</subfield>
		<subfield code="c">1365 [H.] = 1946 [M.]</subfield>
	</datafield>
	<datafield ind1=" " ind2=" " tag="300">
		<subfield code="6">880-05</subfield>
		<subfield code="a">online resource (d-s, 147 pages, 1 unnumbered page of plates) :</subfield>
		<subfield code="b">illustrations, facsimile</subfield>
	</datafield>
	<datafield ind1=" " ind2=" " tag="336">
		<subfield code="a">text</subfield>
		<subfield code="2">rdacontent</subfield>
	</datafield>
	<datafield ind1=" " ind2=" " tag="337">
		<subfield code="a">computer</subfield>
		<subfield code="2">rdamedia</subfield>
	</datafield>
	<datafield ind1=" " ind2=" " tag="338">
		<subfield code="a">online resource</subfield>
		<subfield code="2">rdacarrier</subfield>
	</datafield>
	<datafield ind1=" " ind2=" " tag="500">
		<subfield code="a">Part of the Arabic Collections Online (ACO) project, contributed by American University of Beirut's Jafet Memorial Library.</subfield>
	</datafield>
	<datafield ind1=" " ind2=" " tag="504">
		<subfield code="a">يتضمن مراجع ببليوغرافية (صفحات [130]-138) وكشاف.</subfield>
	</datafield>
	<datafield ind1=" " ind2=" " tag="533">
		<subfield code="a">Electronic reproduction.</subfield>
		<subfield code="b">New York, N.Y. :</subfield>
		<subfield code="c">New York University,</subfield>
		<subfield code="d">2021.</subfield>
		<subfield code="5">NNU</subfield>
	</datafield>
	<datafield ind1=" " ind2="4" tag="650">
		<subfield code="a">المحتسب.</subfield>
	</datafield>
	<datafield ind1=" " ind2="4" tag="650">
		<subfield code="a">الأسواق</subfield>
		<subfield code="z">البلدان الاسلامية.</subfield>
	</datafield>
	<datafield ind1=" " ind2="0" tag="650">
		<subfield code="a">Muhtasib.</subfield>
	</datafield>
	<datafield ind1=" " ind2="0" tag="650">
		<subfield code="a">Markets</subfield>
		<subfield code="z">Islamic countries.</subfield>
	</datafield>
	<datafield ind1=" " ind2="4" tag="651">
		<subfield code="a">البلدان الاسلامية</subfield>
		<subfield code="x">التجارة.</subfield>
	</datafield>
	<datafield ind1=" " ind2="4" tag="651">
		<subfield code="a">الامبراطورية الاسلامية</subfield>
		<subfield code="x">تاريخ</subfield>
		<subfield code="y">750-1258.</subfield>
	</datafield>
	<datafield ind1=" " ind2="0" tag="651">
		<subfield code="a">Islamic countries</subfield>
		<subfield code="x">Commerce.</subfield>
	</datafield>
	<datafield ind1=" " ind2="0" tag="651">
		<subfield code="a">Islamic Empire</subfield>
		<subfield code="x">History</subfield>
		<subfield code="y">750-1258.</subfield>
	</datafield>
	<datafield ind1="1" ind2=" " tag="700">
		<subfield code="6">880-06</subfield>
		<subfield code="a">ʻArīnī, al-Sayyid al-Bāz.</subfield>
		<subfield code="e">publisher.</subfield>
		<subfield code="0">https://lccn.loc.gov/nr91038606 ,</subfield>
	</datafield>
	<datafield ind1="1" ind2=" " tag="700">
		<subfield code="6">880-07</subfield>
		<subfield code="a">Ziyādah, Muḥammad Muṣṭafá.</subfield>
		<subfield code="e">editor.</subfield>
		<subfield code="0">https://lccn.loc.gov/nr91016804 ,</subfield>
	</datafield>
	<datafield ind1="2" ind2=" " tag="710">
		<subfield code="a">Jafet Memorial Library.</subfield>
	</datafield>
	<datafield ind1="0" ind2=" " tag="730">
		<subfield code="a">Arabic Collections Online.</subfield>
	</datafield>
	<datafield ind1="0" ind2="8" tag="767">
		<subfield code="6">880-08</subfield>
		<subfield code="i">is translated as</subfield>
		<subfield code="4">http://rdaregistry.info/Elements/e/P20171 :</subfield>
		<subfield code="a">Shayzarī, ʻAbd al-Raḥmān ibn Naṣr, active 12th century.</subfield>
		<subfield code="t">Book of the Islamic market inspector = Nihayat al-Rutba fi Talab al-Hisba : the utmost authority in the pursuit of Hisba.</subfield>
		<subfield code="d">Oxford : Oxford University Press, 1999.</subfield>
		<subfield code="w">(OCoLC)42622049</subfield>
		<subfield code="w">(OCoLC)42622049</subfield>
	</datafield>
	<datafield ind1="0" ind2="8" tag="776">
		<subfield code="i">Print version:</subfield>
		<subfield code="a">Shayzarī, ʻAbd al-Raḥmān ibn Naṣr, active 12th century. author. https://lccn.loc.gov/n88095635 ,</subfield>
		<subfield code="t">Kitāb Nihāyat al-rutbah fī ṭalab al-ḥisbah</subfield>
		<subfield code="w">(LeBAU)b12462445</subfield>
	</datafield>
	<datafield ind1="4" ind2="0" tag="856">
		<subfield code="u">http://hdl.handle.net/2333.1/qfttf8ff</subfield>
	</datafield>
	<datafield ind1="1" ind2=" " tag="880">
		<subfield code="6">100-01</subfield>
		<subfield code="a">الشيزري، عبد الرحمن بن نصر،</subfield>
		<subfield code="d">اشتهر في القرن 12،</subfield>
		<subfield code="0">https://lccn.loc.gov/n88095635 ,</subfield>
		<subfield code="e">مؤلف. </subfield>
		<subfield code="4">aut.</subfield>
	</datafield>
	<datafield ind1="1" ind2="0" tag="880">
		<subfield code="6">245-02</subfield>
		<subfield code="a">كتاب نهاية الرتبة في طلب الحسبة /</subfield>
		<subfield code="c">تأليف عبد الرحمن بن نصر الشيزري ؛ قام على نشره السيد الباز العريني، مدرس بمدرسة الخديو إسماعيل الثانوية ؛ بإشراف محمد مصطفى زيادة، أستاذ تاريخ العصور الوسطى بجامعة فؤاد الأول.</subfield>
	</datafield>
	<datafield ind1="3" ind2="0" tag="880">
		<subfield code="6">246-03</subfield>
		<subfield code="a">نهاية الرتبة في طلب الحسبة</subfield>
	</datafield>
	<datafield ind1=" " ind2="1" tag="880">
		<subfield code="6">264-04</subfield>
		<subfield code="a">القاهرة :</subfield>
		<subfield code="b">مطبعة لجنة التأليف والترجمة والنشر،</subfield>
		<subfield code="c">1365 [هـ.] = 1946 [م.]</subfield>
	</datafield>
	<datafield ind1=" " ind2=" " tag="880">
		<subfield code="6">300-05</subfield>
		<subfield code="a">د-س، 147 صفحة, 1 صفحة لوحات غير مرقمة :</subfield>
		<subfield code="b">مصورات، صورة طبق الاصل ؛</subfield>
		<subfield code="c">24 سم</subfield>
	</datafield>
	<datafield ind1="1" ind2=" " tag="880">
		<subfield code="6">700-06</subfield>
		<subfield code="a">العريني، السيد الباز،</subfield>
		<subfield code="0">https://lccn.loc.gov/nr91038606 ,</subfield>
		<subfield code="e">ناشر. </subfield>
		<subfield code="4">pbl.</subfield>
	</datafield>
	<datafield ind1="1" ind2=" " tag="880">
		<subfield code="6">700-07</subfield>
		<subfield code="a">زيادة، محمد مصطفى،</subfield>
		<subfield code="0">https://lccn.loc.gov/nr91016804 ,</subfield>
		<subfield code="e">محرر. </subfield>
		<subfield code="4">edt.</subfield>
	</datafield>
	<datafield ind1="0" ind2="8" tag="880">
		<subfield code="6">767-08</subfield>
		<subfield code="i">ترجم ك</subfield>
		<subfield code="4">http://rdaregistry.info/Elements/e/P20171 :</subfield>
		<subfield code="a">Shayzarī, ʻAbd al-Raḥmān ibn Naṣr, active 12th century.</subfield>
		<subfield code="t">Book of the Islamic market inspector = Nihayat al-Rutba fi Talab al-Hisba : the utmost authority in the pursuit of Hisba.</subfield>
		<subfield code="d">Oxford : Oxford University Press, 1999.</subfield>
		<subfield code="w">(LEAUB)b13861086</subfield>
		<subfield code="w">(OCoLC)42622049</subfield>
	</datafield>
	<datafield ind1=" " ind2=" " tag="959">
		<subfield code="a">NNU</subfield>
		<subfield code="b">WEB</subfield>
		<subfield code="c">GENI</subfield>
		<subfield code="t">0</subfield>
		<subfield code="m">Electronic access</subfield>
		<subfield code="s">01</subfield>
	</datafield>
	<datafield ind1=" " ind2=" " tag="999">
		<subfield code="i">LeBAU_b12462445</subfield>
		<subfield code="s">aub_aco004067</subfield>
		<subfield code="e">(ERROR-MISC)</subfield>
	</datafield>
</record>
